@inproceedings{feng2018dynamic,
 author = {Feng, Yang and Dreef, Kaj and Jones, James A. and van Deursen, Arie},
 title = {Hierarchical Abstraction of Execution Traces for Program Comprehension},
 booktitle = {Proceedings of the 26th Conference on Program Comprehension},
 series = {ICPC '18},
 year = {2018},
 isbn = {978-1-4503-5714-2},
 location = {Gothenburg, Sweden},
 pages = {86--96},
 numpages = {11},
 url = {http://doi.acm.org/10.1145/3196321.3196343},
 doi = {10.1145/3196321.3196343},
 acmid = {3196343},
 publisher = {ACM},
 address = {New York, NY, USA},
} 
@inproceedings{gharibi2018automatic,
  title={Automatic Hierarchical Clustering of Static Call Graphs for Program Comprehension},
  author={Gharibi, Gharib and Alanazi, Rakan and Lee, Yugyung},
  booktitle={2018 IEEE International Conference on Big Data (Big Data)},
  pages={4016--4025},
  year={2018},
  organization={IEEE}
}

@inproceedings{haiduc2010supporting,
  title={Supporting program comprehension with source code summarization},
  author={Haiduc, Sonia and Aponte, Jairo and Marcus, Andrian},
  booktitle={Proceedings of the 32nd ACM/IEEE International Conference on Software Engineering-Volume 2},
  pages={223--226},
  year={2010},
  organization={ACM}
}
@online{pyan,
  author = {Edmund Horner, Juha Jeronen, David Fraser, Patrick Massot, Adam Eijdenberg, Juha Jeronen},
  title = {Pyan},
  year = 2019,
  url = {https://github.com/davidfraser/pyan},
  urldate = {2019-08-28}
}
@misc{Detectron2018,
  author =       {Ross Girshick and Ilija Radosavovic and Georgia Gkioxari and
               Piotr Doll\'{a}r and Kaiming He},
  title =        {Detectron},
  howpublished = {\url{https://github.com/facebookresearch/detectron}},
  year =         {2018}
}
@online{realTime,
  author = {Corentin Jemine},
  title = {Real-Time-Voice-Cloning},
  year = 2019,
  url = {https://github.com/CorentinJ/Real-Time-Voice-Cloning},
  urldate = {2019-08-28}
}
@online{requests,
  title = {requests},
  year = 2019,
  url = {https://github.com/psf/requests},
  urldate = {2019-08-28}
}
@online{flask,
  author = {Adrian MÃ¶nnich, Armin Ronacher,David Lord, Markus Unterwaditzer},
  title = {Flask},
  year = 2019,
  url = {https://palletsprojects.com/p/flask/},
  urldate = {2019-08-28}
}
@online{networkx,
  title = {NetworkX},
  year = 2019,
  url = {https://github.com/networkx/networkx},
  urldate = {2019-08-28}
}

@online{ward,
  title = {Modern hierarchical, agglomerative clustering algorithms},
  author = {Daniel Mullner},
  year = 2019,
  url = {https://arxiv.org/abs/1109.2378},
  urldate = {2019-08-28}
}

@inproceedings{de2012using,
  title={Using IR methods for labeling source code artifacts: Is it worthwhile?},
  author={De Lucia, Andrea and Di Penta, Massimiliano and Oliveto, Rocco and Panichella, Annibale and Panichella, Sebastiano},
  booktitle={2012 20th IEEE International Conference on Program Comprehension (ICPC)},
  pages={193--202},
  year={2012},
  organization={IEEE}
}

@inproceedings{pradel2009automatic,
  title={Automatic generation of object usage specifications from large method traces},
  author={Pradel, Michael and Gross, Thomas R},
  booktitle={Proceedings of the 2009 IEEE/ACM International Conference on Automated Software Engineering},
  pages={371--382},
  year={2009},
  organization={IEEE Computer Society}
}

@inproceedings{salah2005scenariographer,
  title={Scenariographer: A tool for reverse engineering class usage scenarios from method invocation sequences},
  author={Salah, Maher and Denton, Trip and Mancoridis, Spiros and Shokoufandeh, Ali and Vokolos, Filippos I},
  booktitle={21st IEEE International Conference on Software Maintenance (ICSM'05)},
  pages={155--164},
  year={2005},
  organization={IEEE}
}

@inproceedings{niwattanakul2013using,
  title={Using of Jaccard coefficient for keywords similarity},
  author={Niwattanakul, Suphakit and Singthongchai, Jatsada and Naenudorn, Ekkachai and Wanapu, Supachanun},
  booktitle={Proceedings of the international multiconference of engineers and computer scientists},
  volume={1},
  number={6},
  pages={380--384},
  year={2013}
}
@Misc{scipy,
  author =    {Eric Jones and Travis Oliphant and Pearu Peterson and others},
  title =     {{SciPy}: Open source scientific tools for {Python}},
  year =      {2001--},
  url = "http://www.scipy.org/",
  note = {[Online; accessed 20-09-2019]}
}

@article{scikit-learn,
 title={Scikit-learn: Machine Learning in {P}ython},
 author={Pedregosa, F. and Varoquaux, G. and Gramfort, A. and Michel, V.
         and Thirion, B. and Grisel, O. and Blondel, M. and Prettenhofer, P.
         and Weiss, R. and Dubourg, V. and Vanderplas, J. and Passos, A. and
         Cournapeau, D. and Brucher, M. and Perrot, M. and Duchesnay, E.},
 journal={Journal of Machine Learning Research},
 volume={12},
 pages={2825--2830},
 year={2011}
}
@inproceedings{gensim,
      title = {{Software Framework for Topic Modelling with Large Corpora}},
      author = {Radim {\v R}eh{\r u}{\v r}ek and Petr Sojka},
      booktitle = {{Proceedings of the LREC 2010 Workshop on New
           Challenges for NLP Frameworks}},
      pages = {45--50},
      year = 2010,
      month = May,
      day = 22,
      publisher = {ELRA},
      address = {Valletta, Malta},
      note={\url{http://is.muni.cz/publication/884893/en}},
      language={English}
}

@inproceedings{nenkova2004evaluating,
  title={Evaluating content selection in summarization: The pyramid method},
  author={Nenkova, Ani and Passonneau, Rebecca},
  booktitle={Proceedings of the human language technology conference of the north american chapter of the association for computational linguistics: Hlt-naacl 2004},
  pages={145--152},
  year={2004}
}

@article{cornelissen2009systematic,
  title={A systematic survey of program comprehension through dynamic analysis},
  author={Cornelissen, Bas and Zaidman, Andy and Van Deursen, Arie and Moonen, Leon and Koschke, Rainer},
  journal={IEEE Transactions on Software Engineering},
  volume={35},
  number={5},
  pages={684--702},
  year={2009},
  publisher={IEEE}
}
@article{gilmore1991models,
  title={Models of debugging},
  author={Gilmore, David J},
  journal={Acta psychologica},
  volume={78},
  number={1-3},
  pages={151--172},
  year={1991},
  publisher={Elsevier}
}

@inproceedings{xie2016revisit,
  title={Revisit of automatic debugging via human focus-tracking analysis},
  author={Xie, Xiaoyuan and Liu, Zicong and Song, Shuo and Chen, Zhenyu and Xuan, Jifeng and Xu, Baowen},
  booktitle={Proceedings of the 38th International Conference on Software Engineering},
  pages={808--819},
  year={2016},
  organization={ACM}
}

@inproceedings{kulkarni2014supporting,
  title={Supporting comprehension of unfamiliar programs by modeling an expert's perception},
  author={Kulkarni, Naveen and Varma, Vasudeva},
  booktitle={Proceedings of the 3rd International Workshop on Realizing Artificial Intelligence Synergies in Software Engineering},
  pages={19--24},
  year={2014}
}

@inproceedings{izu2019program,
  title={Program comprehension: Identifying learning trajectories for novice programmers},
  author={Izu, Cruz and Schulte, Carsten and Aggarwal, Ashish and Cutts, Quintin and Duran, Rodrigo and Gutica, Mirela and Heinemann, Birte and Kraemer, Eileen and Lonati, Violetta and Mirolo, Claudio and others},
  booktitle={Proceedings of the 2019 ACM Conference on Innovation and Technology in Computer Science Education},
  pages={261--262},
  year={2019}
}

@article{corbi1989program,
  title={Program understanding: Challenge for the 1990s},
  author={Corbi, Thomas A},
  journal={IBM Systems Journal},
  volume={28},
  number={2},
  pages={294--306},
  year={1989},
  publisher={IBM}
}

@inproceedings{starke2009searching,
  title={Searching and skimming: An exploratory study},
  author={Starke, Jamie and Luce, Chris and Sillito, Jonathan},
  booktitle={2009 IEEE International Conference on Software Maintenance},
  pages={157--166},
  year={2009},
  organization={IEEE}
}

@inproceedings{minelli2015know,
  title={I know what you did last summer-an investigation of how developers spend their time},
  author={Minelli, Roberto and Mocci, Andrea and Lanza, Michele},
  booktitle={2015 IEEE 23rd International Conference on Program Comprehension},
  pages={25--35},
  year={2015},
  organization={IEEE}
}

@article{ko2006exploratory,
  title={An exploratory study of how developers seek, relate, and collect relevant information during software maintenance tasks},
  author={Ko, Andrew J and Myers, Brad A and Coblenz, Michael J and Aung, Htet Htet},
  journal={IEEE Transactions on software engineering},
  volume={32},
  number={12},
  pages={971--987},
  year={2006},
  publisher={IEEE}
}

@article{deerwester1990indexing,
  title={Indexing by latent semantic analysis},
  author={Deerwester, Scott and Dumais, Susan T and Furnas, George W and Landauer, Thomas K and Harshman, Richard},
  journal={Journal of the American society for information science},
  volume={41},
  number={6},
  pages={391--407},
  year={1990},
  publisher={Wiley Online Library}
}

@article{blei2003latent,
  title={Latent dirichlet allocation},
  author={Blei, David M and Ng, Andrew Y and Jordan, Michael I},
  journal={Journal of machine Learning research},
  volume={3},
  number={Jan},
  pages={993--1022},
  year={2003}
}

@inproceedings{ramos2003using,
  title={Using tf-idf to determine word relevance in document queries},
  author={Ramos, Juan and others},
  booktitle={Proceedings of the first instructional conference on machine learning},
  volume={242},
  pages={133--142},
  year={2003},
  organization={Piscataway, NJ}
}



